@inproceedings{snakeclef2024,
	author = {Picek, Lukas and
          	Hruz, Marek and
          	Durso, Andrew M.},
	title = {Overview of {SnakeCLEF} 2024: Revisiting Snake Species Identification in Medically Important Scenarios},
	booktitle={Working Notes of CLEF 2024 - Conference and Labs of the Evaluation Forum},
	year={2024}
}

@inproceedings{lifeclef2024,
  title={Overview of lifeclef 2024: Challenges on Species Distribution Prediction and Identification},
  author={Joly, Alexis and Picek, Luk{\'a}{\v{s}} and Kahl, Stefan and Go{\"e}au, Herv{\'e} and Espitalier, Vincent and Botella, Christophe and Deneu, Benjamin and Marcos, Diego and Estopinan, Joaquim and Leblanc, Cesar and Larcher, Th{\'e}o and \v{S}ulc, Milan and Hr\'{u}z, Marek and Servajean, Maximilien and others},
  booktitle={International Conference of the Cross-Language Evaluation Forum for European Languages},
  year={2024},
  organization={Springer}
}

@article{oquab2023dinov2,
  title={Dinov2: Learning robust visual features without supervision},
  author={Oquab, Maxime and Darcet, Timoth{\'e}e and Moutakanni, Th{\'e}o and Vo, Huy and Szafraniec, Marc and Khalidov, Vasil and Fernandez, Pierre and Haziza, Daniel and Massa, Francisco and El-Nouby, Alaaeldin and others},
  journal={arXiv preprint arXiv:2304.07193},
  year={2023}
}

@inproceedings{ridnik2021asymmetric,
  title={Asymmetric loss for multi-label classification},
  author={Ridnik, Tal and Ben-Baruch, Emanuel and Zamir, Nadav and Noy, Asaf and Friedman, Itamar and Protter, Matan and Zelnik-Manor, Lihi},
  booktitle={Proceedings of the IEEE/CVF international conference on computer vision},
  pages={82--91},
  year={2021}
}


@article{kirillov2023segment,
      title={Segment Anything}, 
      author={Alexander Kirillov and Eric Mintun and Nikhila Ravi and Hanzi Mao and Chloe Rolland and Laura Gustafson and Tete Xiao and Spencer Whitehead and Alexander C. Berg and Wan-Yen Lo and Piotr Doll√°r and Ross Girshick},
      year={2023},
      eprint={2304.02643},
      archivePrefix={arXiv},
      primaryClass={cs.CV}
}

@misc{minderer2022simple,
      title={Simple Open-Vocabulary Object Detection with Vision Transformers}, 
      author={Matthias Minderer and Alexey Gritsenko and Austin Stone and Maxim Neumann and Dirk Weissenborn and Alexey Dosovitskiy and Aravindh Mahendran and Anurag Arnab and Mostafa Dehghani and Zhuoran Shen and Xiao Wang and Xiaohua Zhai and Thomas Kipf and Neil Houlsby},
      year={2022},
      eprint={2205.06230},
      archivePrefix={arXiv},
      primaryClass={cs.CV}
}

@misc{ultralytics,
  author = {Ultralytics},
  title = {Ultralytics: YOLO family of object detection models},
  howpublished = {\url{https://github.com/ultralytics/ultralytics}},
  year = {2023},
  note = {Accessed: 30 May 2024}
}

@misc{roboflow-snake-dataset,
  title = {Snake Segmentation Dataset},
  howpublished = {\url{https://universe.roboflow.com/snake-ic96y/snake_seg/dataset/1}},
  year = {2023},
  note = {Accessed: 30 May 2024}
}

@article{dosovitskiy2020image,
  title={An image is worth 16x16 words: Transformers for image recognition at scale},
  author={Dosovitskiy, Alexey and Beyer, Lucas and Kolesnikov, Alexander and Weissenborn, Dirk and Zhai, Xiaohua and Unterthiner, Thomas and Dehghani, Mostafa and Minderer, Matthias and Heigold, Georg and Gelly, Sylvain and others},
  journal={arXiv preprint arXiv:2010.11929},
  year={2020}
}

@article{mcinnes2018umap,
  title={Umap: Uniform manifold approximation and projection for dimension reduction},
  author={McInnes, Leland and Healy, John and Melville, James},
  journal={arXiv preprint arXiv:1802.03426},
  year={2018}
}

@inproceedings{he2022masked,
  title={Masked autoencoders are scalable vision learners},
  author={He, Kaiming and Chen, Xinlei and Xie, Saining and Li, Yanghao and Doll{\'a}r, Piotr and Girshick, Ross},
  booktitle={Proceedings of the IEEE/CVF conference on computer vision and pattern recognition},
  pages={16000--16009},
  year={2022}
}

@inproceedings{joly2023overview,
  title={Overview of lifeclef 2023: evaluation of ai models for the identification and prediction of birds, plants, snakes and fungi},
  author={Joly, Alexis and Botella, Christophe and Picek, Luk{\'a}{\v{s}} and Kahl, Stefan and Go{\"e}au, Herv{\'e} and Deneu, Benjamin and Marcos, Diego and Estopinan, Joaquim and Leblanc, C{\'e}sar and Larcher, Th{\'e}o and others},
  booktitle={International Conference of the Cross-Language Evaluation Forum for European Languages},
  pages={416--439},
  year={2023},
  organization={Springer}
}
